@article{Smoot2011,
   author = {Smoot, M. E. and Ono, K. and Ruscheinski, J. and Wang, P. L. and Ideker, T.},
   title = {Cytoscape 2.8: new features for data integration and network visualization},
   journal = {Bioinformatics},
   volume = {27},
   number = {3},
   pages = {431-2},
}
@Article{Shannon2003,
  author  = {Shannon, P. and Markiel, A. and Ozier, O. and Baliga, N. S. and Wang, J. T. and Ramage, D. and Amin, N. and Schwikowski, B. and Ideker, T.},
  title   = {Cytoscape: a software environment for integrated models of biomolecular interaction networks},
  doi     = {10.1101/gr.1239303},
  issn    = {1088-9051 (Print)
1088-9051 (Linking)},
  number  = {11},
  pages   = {2498-504},
  url     = {https://www.ncbi.nlm.nih.gov/pubmed/14597658},
  volume  = {13},
  journal = {Genome Res},
  type    = {Journal Article},
  year    = {2003},
}
@Article{Cesnik2018,
  author  = {Cesnik, A. J. and Shortreed, M. R. and Schaffer, L. V. and Knoener, R. A. and Frey, B. L. and Scalf, M. and Solntsev, S. K. and Dai, Y. and Gasch, A. P. and Smith, L. M.},
  title   = {Proteoform Suite: Software for Constructing, Quantifying, and Visualizing Proteoform Families},
  doi     = {10.1021/acs.jproteome.7b00685},
  issn    = {1535-3907 (Electronic)
1535-3893 (Linking)},
  number  = {1},
  pages   = {568-578},
  url     = {https://www.ncbi.nlm.nih.gov/pubmed/29195273},
  volume  = {17},
  journal = {J Proteome Res},
  type    = {Journal Article},
  year    = {2018},
}
@Article{Dai2019,
  author  = {Dai, Y. and Buxton, K. E. and Schaffer, L. V. and Miller, R. M. and Millikin, R. J. and Scalf, M. and Frey, B. L. and Shortreed, M. R. and Smith, L. M.},
  title   = {Constructing Human Proteoform Families Using Intact-Mass and Top-Down Proteomics with a Multi-Protease Global Post-Translational Modification Discovery Database},
  doi     = {10.1021/acs.jproteome.9b00339},
  issn    = {1535-3907 (Electronic)
1535-3893 (Linking)},
  number  = {10},
  pages   = {3671-3680},
  url     = {https://www.ncbi.nlm.nih.gov/pubmed/31479276},
  volume  = {18},
  journal = {J Proteome Res},
  type    = {Journal Article},
  year    = {2019},
}
@Article{Dai2017,
  author  = {Dai, Y. and Shortreed, M. R. and Scalf, M. and Frey, B. L. and Cesnik, A. J. and Solntsev, S. and Schaffer, L. V. and Smith, L. M.},
  title   = {Elucidating Escherichia coli Proteoform Families Using Intact-Mass Proteomics and a Global PTM Discovery Database},
  doi     = {10.1021/acs.jproteome.7b00516},
  issn    = {1535-3907 (Electronic)
1535-3893 (Linking)},
  number  = {11},
  pages   = {4156-4165},
  url     = {https://www.ncbi.nlm.nih.gov/pubmed/28968100},
  volume  = {16},
  journal = {J Proteome Res},
  type    = {Journal Article},
  year    = {2017},
}
@Article{Schaffer2018,
  author  = {Schaffer, L. V. and Rensvold, J. W. and Shortreed, M. R. and Cesnik, A. J. and Jochem, A. and Scalf, M. and Frey, B. L. and Pagliarini, D. J. and Smith, L. M.},
  title   = {Identification and Quantification of Murine Mitochondrial Proteoforms Using an Integrated Top-Down and Intact-Mass Strategy},
  doi     = {10.1021/acs.jproteome.8b00469},
  issn    = {1535-3907 (Electronic)
1535-3893 (Linking)},
  number  = {10},
  pages   = {3526-3536},
  url     = {https://www.ncbi.nlm.nih.gov/pubmed/30180576},
  volume  = {17},
  journal = {J Proteome Res},
  type    = {Journal Article},
  year    = {2018},
}
@Article{Schaffer2018b,
  author  = {Schaffer, L. V. and Shortreed, M. R. and Cesnik, A. J. and Frey, B. L. and Solntsev, S. K. and Scalf, M. and Smith, L. M.},
  title   = {Expanding Proteoform Identifications in Top-Down Proteomic Analyses by Constructing Proteoform Families},
  doi     = {10.1021/acs.analchem.7b04221},
  issn    = {0003-2700},
  number  = {2},
  pages   = {1325-1333},
  url     = {https://www.ncbi.nlm.nih.gov/pubmed/29227670},
  volume  = {90},
  journal = {Anal Chem},
  type    = {Journal Article},
  year    = {2018},
}
@Article{Solntsev2018,
  author  = {Solntsev, S. K. and Shortreed, M. R. and Frey, B. L. and Smith, L. M.},
  title   = {Enhanced Global Post-translational Modification Discovery with MetaMorpheus},
  doi     = {10.1021/acs.jproteome.7b00873},
  issn    = {1535-3907 (Electronic)
1535-3893 (Linking)},
  number  = {5},
  pages   = {1844-1851},
  url     = {https://www.ncbi.nlm.nih.gov/pubmed/29578715},
  volume  = {17},
  journal = {J Proteome Res},
  type    = {Journal Article},
  year    = {2018},
}
@Article{Smith2019b,
  author  = {Smith, Lloyd M. and Thomas, Paul M. and Shortreed, Michael R. and Schaffer, Leah V. and Fellers, Ryan T. and LeDuc, Richard D. and Tucholski, Trisha and Ge, Ying and Agar, Jeffrey N. and Anderson, Lissa C. and Chamot-Rooke, Julia and Gault, Joseph and Loo, Joseph A. and Paša-Tolić, Ljiljana and Robinson, Carol V. and Schlüter, Hartmut and Tsybin, Yury O. and Vilaseca, Marta and Vizcaíno, Juan Antonio and Danis, Paul O. and Kelleher, Neil L.},
  title   = {A five-level classification system for proteoform identifications},
  doi     = {10.1038/s41592-019-0573-x},
  issn    = {1548-7105},
  url     = {https://doi.org/10.1038/s41592-019-0573-x},
  journal = {Nature Methods},
  type    = {Journal Article},
  year    = {2019},
}
@Article{Schaffer2019,
  author  = {Schaffer, L. V. and Millikin, R. J. and Miller, R. M. and Anderson, L. C. and Fellers, R. T. and Ge, Y. and Kelleher, N. L. and LeDuc, R. D. and Liu, X. and Payne, S. H. and Sun, L. and Thomas, P. M. and Tucholski, T. and Wang, Z. and Wu, S. and Wu, Z. and Yu, D. and Shortreed, M. R. and Smith, L. M.},
  title   = {Identification and Quantification of Proteoforms by Mass Spectrometry},
  doi     = {10.1002/pmic.201800361},
  issn    = {1615-9861 (Electronic)
1615-9853 (Linking)},
  pages   = {e1800361},
  url     = {https://www.ncbi.nlm.nih.gov/pubmed/31050378},
  journal = {Proteomics},
  type    = {Journal Article},
  year    = {2019},
}
@Article{Schaffer2019a,
  author  = {Schaffer, L. V. and Tucholski, T. and Shortreed, M. R. and Ge, Y. and Smith, L. M.},
  title   = {Intact-Mass Analysis Facilitating the Identification of Large Human Heart Proteoforms},
  doi     = {10.1021/acs.analchem.9b02343},
  issn    = {1520-6882 (Electronic)
0003-2700 (Linking)},
  number  = {17},
  pages   = {10937-10942},
  url     = {https://www.ncbi.nlm.nih.gov/pubmed/31393705},
  volume  = {91},
  journal = {Anal Chem},
  type    = {Journal Article},
  year    = {2019},
}
@Article{Li2017,
  author  = {Li, Q. and Shortreed, M. R. and Wenger, C. D. and Frey, B. L. and Schaffer, L. V. and Scalf, M. and Smith, L. M.},
  title   = {Global Post-Translational Modification Discovery},
  doi     = {10.1021/acs.jproteome.6b00034},
  issn    = {1535-3907 (Electronic)
1535-3893 (Linking)},
  number  = {4},
  pages   = {1383-1390},
  url     = {https://www.ncbi.nlm.nih.gov/pubmed/28248113},
  volume  = {16},
  journal = {J Proteome Res},
  type    = {Journal Article},
  year    = {2017},
}
@Article{Shortreed2016,
  author  = {Shortreed, M. R. and Frey, B. L. and Scalf, M. and Knoener, R. A. and Cesnik, A. J. and Smith, L. M.},
  title   = {Elucidating Proteoform Families from Proteoform Intact-Mass and Lysine-Count Measurements},
  doi     = {10.1021/acs.jproteome.5b01090},
  issn    = {1535-3907 (Electronic)
1535-3893 (Linking)},
  number  = {4},
  pages   = {1213-21},
  url     = {https://www.ncbi.nlm.nih.gov/pubmed/26941048},
  volume  = {15},
  journal = {J Proteome Res},
  type    = {Journal Article},
  year    = {2016},
}
@Article{Shortreed2015,
  author  = {Shortreed, M. R. and Wenger, C. D. and Frey, B. L. and Sheynkman, G. M. and Scalf, M. and Keller, M. P. and Attie, A. D. and Smith, L. M.},
  title   = {Global Identification of Protein Post-translational Modifications in a Single-Pass Database Search},
  doi     = {10.1021/acs.jproteome.5b00599},
  issn    = {1535-3907 (Electronic)
1535-3893 (Linking)},
  number  = {11},
  pages   = {4714-20},
  url     = {https://www.ncbi.nlm.nih.gov/pubmed/26418581},
  volume  = {14},
  journal = {J Proteome Res},
  type    = {Journal Article},
  year    = {2015},
}
@Article{Toby2019,
  author  = {Toby, T. K. and Fornelli, L. and Kristina, S. and DeHart, C. J. and Fellers, R. T.},
  title   = {A comprehensive pipeline for translational top-down proteomics from a single blood draw},
  doi     = {10.1038/s41596-018-0085-7},
  issn    = {4159601800857},
  number  = {1},
  pages   = {119-152},
  url     = {/citations?view_op=view_citationandcontinue=/scholar%253Fhl%253Den%2526as_sdt%253D0,15%2526scilib%253D1%2526scioq%253Dncgas%252B-%252522National%252BCenter%252Bfor%252BGenome%252BAnalysis%252BSupport%252522%252B-%252522New%252BComputer%252BGame%252BAttitude},
  volume  = {14},
  journal = {Nature Protocols},
  type    = {Journal Article},
  year    = {2019},
}
@article{Jeong2020,
   author = {Jeong, K. and Kim, J. and Gaikwad, M. and Hidayah, S. N. and Heikaus, L. and Schluter, H. and Kohlbacher, O.},
   title = {FLASHDeconv: Ultrafast, High-Quality Feature Deconvolution for Top-Down Proteomics},
   journal = {Cell Syst},
   volume = {10},
   number = {2},
   pages = {213-218 e6},
   ISSN = {2405-4720 (Electronic)
2405-4712 (Linking)},
   DOI = {10.1016/j.cels.2020.01.003},
   url = {https://www.ncbi.nlm.nih.gov/pubmed/32078799},
   year = {2020},
   type = {Journal Article}
}
@article{Schaffer2020,
   author = {Schaffer, Leah V. and Millikin, Robert J. and Shortreed, Michael R. and Scalf, Mark and Smith, Lloyd M.},
   title = {Improving Proteoform Identifications in Complex Systems Through Integration of Bottom-Up and Top-Down Data},
   journal = {Journal of Proteome Research},
   ISSN = {1535-3893},
   DOI = {10.1021/acs.jproteome.0c00332},
   url = {https://doi.org/10.1021/acs.jproteome.0c00332},
   year = {2020},
   type = {Journal Article}
}
@Article{LeDuc2004,
  author  = {LeDuc, R. D. and Taylor, G. K. and Kim, Y. B. and Januszyk, T. E. and Bynum, L. H. and Sola, J. V. and Garavelli, J. S. and Kelleher, N. L.},
  title   = {ProSight PTM: an integrated environment for protein identification and characterization by top-down mass spectrometry},
  doi     = {10.1093/nar/gkh447},
  issn    = {1362-4962 (Electronic)
0305-1048 (Linking)},
  number  = {Web Server issue},
  pages   = {W340-5},
  url     = {https://www.ncbi.nlm.nih.gov/pubmed/15215407},
  volume  = {32},
  journal = {Nucleic Acids Res},
  type    = {Journal Article},
  year    = {2004},
}
@Article{Zamdborg2007,
  author  = {Zamdborg, L. and LeDuc, R. D. and Glowacz, K. J. and Kim, Y. B. and Viswanathan, V. and Spaulding, I. T. and Early, B. P. and Bluhm, E. J. and Babai, S. and Kelleher, N. L.},
  title   = {ProSight PTM 2.0: improved protein identification and characterization for top down mass spectrometry},
  doi     = {10.1093/nar/gkm371},
  issn    = {1362-4962 (Electronic)
0305-1048 (Linking)},
  number  = {Web Server issue},
  pages   = {W701-6},
  url     = {https://www.ncbi.nlm.nih.gov/pubmed/17586823},
  volume  = {35},
  journal = {Nucleic Acids Res},
  type    = {Journal Article},
  year    = {2007},
}

@Article{LeDuc2014,
  author  = {LeDuc, R. D. and Fellers, R. T. and Early, B. P. and Greer, J. B. and Thomas, P. M. and Kelleher, N. L.},
  title   = {The C-score: a Bayesian framework to sharply improve proteoform scoring in high-throughput top down proteomics},
  doi     = {10.1021/pr401277r},
  issn    = {1535-3907 (Electronic)
1535-3893 (Linking)},
  number  = {7},
  pages   = {3231-40},
  url     = {https://www.ncbi.nlm.nih.gov/pubmed/24922115},
  volume  = {13},
  journal = {J Proteome Res},
  type    = {Journal Article},
  year    = {2014},
}
@Article{Tusher2001,
  author  = {Tusher, V. G. and Tibshirani, R. and Chu, G.},
  title   = {Significance analysis of microarrays applied to the ionizing radiation response},
  doi     = {10.1073/pnas.091062498},
  issn    = {0027-8424 (Print)\n0027-8424 (Linking)},
  number  = {9},
  pages   = {5116-21},
  url     = {http://www.pubmedcentral.nih.gov/articlerender.fcgi?artid=33173andtool=pmcentrezandrendertype=abstract},
  volume  = {98},
  journal = {Proceedings of the National Academy of Sciences of the United States of America},
  type    = {Journal Article},
  year    = {2001},
}